@misc{template,
    author = "Pamela Fry",
    title = "Literature Review Template",
    howpublished = {\url{https://www.tru.ca/__shared/assets/Literature_Review_Template30564.pdf}},
    note = {Thompson Rivers University. Online; accessed 3 September, 2018}
}

@misc{IoT,
    author = "Karen Rose, Scott Eldridge, Lyman Chapin",
    title = "The Internet of Things (IoT): An Overview",
    year = {15 Oct 2015},
    howpublished = {\url{https://www.internetsociety.org/wp-content/uploads/2017/08/ISOC-IoT-Overview-20151221-en.pdf}}
}

@misc{IoTdevice,
    author = "Priyanka Babu",
    title = "Most Popular IoT Devices in 2022",
    year = {2 Apr 2012},
    howpublished = {\url{https://barkingdrum.com/most-popular-iot-devices-in-2022/}}
}

@article{bigdata,
  title={A Survey on IoT Big Data: Current Status, 13 V’s Challenges, and Future Directions},
  author={Maggi Bansal, Inderveer Chana, Siobhán Clarke},
  journal={ACM Computing Surveys},
  volume={53},
  number={6},
  pages={1--59},
  year={2021},
  publisher={Association for Computing Machinery}
}

@inbook{privacy,
  title={Privacy in Context: Technology, 
Policy, and the Integrity of Social Life},
  edition={1},
  author={Helen Nissenbaum},
  year={2009},
  publisher={Stanford University Press.}
}

@article{Alhalafi_2019,
	doi = {10.1088/1755-1315/322/1/012013},
	url = {https://doi.org/10.1088/1755-1315/322/1/012013},
	year = 2019,
	month = {aug},
	publisher = {{IOP} Publishing},
	volume = {322},
	number = {1},
	pages = {012013},
	author = {N Alhalafi and Prakash Veeraraghavan},
	title = {Privacy and Security Challenges and Solutions in {IOT}: A review}
}

@inbook{Beate_2005,
  title={The value of privacy},
  edition={english ed},
  author={Beate Rössler},
  year={2005},
  publisher={Polity, Cambridge, UK ; Malden, MA.}
}

@inproceedings{Naeini:2017,
  author = {Pardis Emami Naeini and Sruti Bhagavatula and Hana Habib and Martin Degeling, Lujo Bauer and Lorrie Cranor and Norman Sadeh},
  title = {Privacy Expectations and Preferences in an IoT World},
  booktitle = {In Thirteenth Symposium on Usable Privacy and Security
(SOUPS 2017)},
  year = {2017},
  pages = {399--412},
  address = {Santa Clara, CA, July 2017. USENIX Association}
}

@ARTICLE{7116422,
  author={Perera, Charith and Ranjan, Rajiv and Wang, Lizhe and Khan, Samee U. and Zomaya, Albert Y.},
  journal={IT Professional}, 
  title={Big Data Privacy in the Internet of Things Era}, 
  year={2015},
  volume={17},
  number={3},
  pages={32-39},
  doi={10.1109/MITP.2015.34}
}
  
@InProceedings{10.1007/978-3-642-01516-8_13,
author="Klasnja, Predrag
and Consolvo, Sunny
and Choudhury, Tanzeem
and Beckwith, Richard
and Hightower, Jeffrey",
editor="Tokuda, Hideyuki
and Beigl, Michael
and Friday, Adrian
and Brush, A. J. Bernheim
and Tobe, Yoshito",
title="Exploring Privacy Concerns about Personal Sensing",
booktitle="Pervasive Computing",
year="2009",
publisher="Springer Berlin Heidelberg",
address="Berlin, Heidelberg",
pages="176--183"
}

@ARTICLE{Moreno,
  author={Moreno-Ger, P. et al.},
  journal={Computers in Human Behavior}, 
  title={Educational game design for online education}, 
  year={2008},
  doi={10.1016/j.chb.2008.03.012}
}

@unknown{unknown,
author = {Perrotta, Carlo},
year = {2013},
month = {04},
pages = {},
title = {Game-based learning: latest evidence and future directions}
}

@article{KIM2009800,
title = {Not just fun, but serious strategies: Using meta-cognitive strategies in game-based learning},
journal = {Computers \& Education},
volume = {52},
number = {4},
pages = {800-810},
year = {2009},
issn = {0360-1315},
doi = {https://doi.org/10.1016/j.compedu.2008.12.004},
url = {https://www.sciencedirect.com/science/article/pii/S0360131508001954},
author = {Bokyeong Kim and Hyungsung Park and Youngkyun Baek},
keywords = {Media in education, Interactive learning environments, Teaching/learning strategies, Virtual reality}
}
  
@article{CHENG2012669,
title = {A Game-based learning system for improving student's learning effectiveness in system analysis course},
journal = {Procedia - Social and Behavioral Sciences},
volume = {31},
pages = {669-675},
year = {2012},
note = {World Conference on Learning, Teaching \& Administration - 2011},
issn = {1877-0428},
doi = {https://doi.org/10.1016/j.sbspro.2011.12.122},
url = {https://www.sciencedirect.com/science/article/pii/S1877042811030515},
author = {Ching-Hsue Cheng and Chung-Ho Su},
keywords = {Game-based learning, ARCS Model, System Analyais}
}

@MISC{Universe,
   author = "Giant Army LLC",
   title = "Universe Sandbox",
   howpublished = "[PC CD-ROM]",
   year = 2012,
}

@MISC{minecraft,
   author = "TeacherGaming LLC",
   title = "Minecraft: Education Edition",
   howpublished = "[PC CD-ROM]",
   year = 2011,
}

@MISC{Lin12expectationand,
    author = {Jialiu Lin and Shahriyar Amini and Jason I. Hong and Norman Sadeh and Janne Lindqvist and Joy Zhang},
    title = {Expectation and purpose: understanding users’ mental models of mobile app privacy through crowdsourcing. UbiComp},
    year = {2012}
}

@INPROCEEDINGS{Tsai09whosviewed,
    author = {Janice Y. Tsai and Patrick Kelley and Paul Drielsma and Lorrie Faith Cranor and Jason Hong},
    title = {Who’s viewed you? The impact of feedback in a mobile location-sharing application},
    booktitle = {In Proceedings of the Conference on Human Factors in Computing Systems},
    year = {2009},
    pages = {4--9}
}

@INPROCEEDINGS{Lederer03whowants,
    author = {Scott Lederer and Jennifer Mankoff},
    title = {Who Wants to Know What When? Privacy Preference Determinants in Ubiquitous Computing},
    booktitle = {In Proceedings of Extended Abstracts of CHI 2003, ACM Conference on Human Factors in Computing Systems. Fort Lauderdale, FL},
    year = {2003},
    pages = {724--725},
    publisher = {ACM Press}
}

@article{doi:10.1198/016214504000000269,
author = {Joseph B Kadane and Nicole A Lazar},
title = {Methods and Criteria for Model Selection},
journal = {Journal of the American Statistical Association},
volume = {99},
number = {465},
pages = {279-290},
year  = {2004},
publisher = {Taylor & Francis},
doi = {10.1198/016214504000000269},

URL = { 
        https://doi.org/10.1198/016214504000000269
    
},
eprint = { 
        https://doi.org/10.1198/016214504000000269}
}

@Inbook{ref1,
editor="Kirch, Wilhelm",
title="Pearson's Correlation Coefficient",
bookTitle="Encyclopedia of Public Health",
year="2008",
publisher="Springer Netherlands",
address="Dordrecht",
pages="1090--1091",
isbn="978-1-4020-5614-7",
doi="10.1007/978-1-4020-5614-7_2569",
url="https://doi.org/10.1007/978-1-4020-5614-7_2569"
}

@Inbook{Puka2011,
author="Puka, Llukan",
editor="Lovric, Miodrag",
title="Kendall's Tau",
bookTitle="International Encyclopedia of Statistical Science",
year="2011",
publisher="Springer Berlin Heidelberg",
address="Berlin, Heidelberg",
pages="713--715",
isbn="978-3-642-04898-2",
doi="10.1007/978-3-642-04898-2_324",
url="https://doi.org/10.1007/978-3-642-04898-2_324"
}

@Inbook{ref2,
title="Spearman Rank Correlation Coefficient",
bookTitle="The Concise Encyclopedia of Statistics",
year="2008",
publisher="Springer New York",
address="New York, NY",
pages="502--505",
isbn="978-0-387-32833-1",
doi="10.1007/978-0-387-32833-1_379",
url="https://doi.org/10.1007/978-0-387-32833-1_379"
}

@article{Kayali,
author = {Kayali, Fares and Schuh, Josef},
year = {2012},
month = {05},
pages = {},
title = {Retro Evolved: Level Design Practice exemplified by the Contemporary Retro Game}
}

@article{Hancock,
author = {Hancock, John and Khoshgoftaar, Taghi},
year = {2020},
month = {04},
pages = {},
title = {Survey on categorical data for neural networks},
volume = {7},
journal = {Journal of Big Data},
doi = {10.1186/s40537-020-00305-w}
}




